[gd_resource type="Theme" load_steps=15 format=1]

[ext_resource path="res://Assets/UI/ButtonSmallClicked.png" type="Texture" id=1]
[ext_resource path="res://Assets/UI/ButtonSmallHover.png" type="Texture" id=2]
[ext_resource path="res://Assets/UI/ButtonSmall.png" type="Texture" id=3]
[ext_resource path="res://Assets/UI/Fonts/PixelFont16.fnt" type="BitmapFont" id=4]

[sub_resource type="StyleBoxTexture" id=1]

content_margin/left = -1.0
content_margin/right = -1.0
content_margin/top = -1.0
content_margin/bottom = -1.0
texture = ExtResource( 1 )
margin/left = 0.0
margin/right = 0.0
margin/top = 0.0
margin/bottom = 0.0
expand_margin/left = 0.0
expand_margin/right = 0.0
expand_margin/top = 0.0
expand_margin/bottom = 0.0
draw_center = true

[sub_resource type="StyleBoxTexture" id=2]

content_margin/left = -1.0
content_margin/right = -1.0
content_margin/top = -1.0
content_margin/bottom = -1.0
texture = ExtResource( 2 )
margin/left = 0.0
margin/right = 0.0
margin/top = 0.0
margin/bottom = 0.0
expand_margin/left = 0.0
expand_margin/right = 0.0
expand_margin/top = 0.0
expand_margin/bottom = 0.0
draw_center = true

[sub_resource type="StyleBoxTexture" id=3]

content_margin/left = -1.0
content_margin/right = -1.0
content_margin/top = -1.0
content_margin/bottom = -1.0
texture = ExtResource( 3 )
margin/left = 0.0
margin/right = 0.0
margin/top = 0.0
margin/bottom = 0.0
expand_margin/left = 0.0
expand_margin/right = 0.0
expand_margin/top = 0.0
expand_margin/bottom = 0.0
draw_center = true

[sub_resource type="StyleBoxTexture" id=4]

content_margin/left = -1.0
content_margin/right = -1.0
content_margin/top = -1.0
content_margin/bottom = -1.0
texture = ExtResource( 1 )
margin/left = 0.0
margin/right = 0.0
margin/top = 0.0
margin/bottom = 0.0
expand_margin/left = 0.0
expand_margin/right = 0.0
expand_margin/top = 0.0
expand_margin/bottom = 0.0
draw_center = true

[sub_resource type="StyleBoxTexture" id=5]

content_margin/left = -1.0
content_margin/right = -1.0
content_margin/top = -1.0
content_margin/bottom = -1.0
texture = ExtResource( 1 )
margin/left = 0.0
margin/right = 0.0
margin/top = 0.0
margin/bottom = 0.0
expand_margin/left = 0.0
expand_margin/right = 0.0
expand_margin/top = 0.0
expand_margin/bottom = 0.0
draw_center = true

[sub_resource type="StyleBoxTexture" id=6]

content_margin/left = -1.0
content_margin/right = -1.0
content_margin/top = -1.0
content_margin/bottom = -1.0
texture = ExtResource( 2 )
margin/left = 0.0
margin/right = 0.0
margin/top = 0.0
margin/bottom = 0.0
expand_margin/left = 0.0
expand_margin/right = 0.0
expand_margin/top = 0.0
expand_margin/bottom = 0.0
draw_center = true

[sub_resource type="StyleBoxTexture" id=7]

content_margin/left = -1.0
content_margin/right = -1.0
content_margin/top = -1.0
content_margin/bottom = -1.0
texture = ExtResource( 3 )
margin/left = 0.0
margin/right = 0.0
margin/top = 0.0
margin/bottom = 0.0
expand_margin/left = 0.0
expand_margin/right = 0.0
expand_margin/top = 0.0
expand_margin/bottom = 0.0
draw_center = true

[sub_resource type="StyleBoxTexture" id=8]

content_margin/left = -1.0
content_margin/right = -1.0
content_margin/top = -1.0
content_margin/bottom = -1.0
texture = ExtResource( 1 )
margin/left = 0.0
margin/right = 0.0
margin/top = 0.0
margin/bottom = 0.0
expand_margin/left = 0.0
expand_margin/right = 0.0
expand_margin/top = 0.0
expand_margin/bottom = 0.0
draw_center = true

[sub_resource type="StyleBoxTexture" id=9]

content_margin/left = 30.0
content_margin/right = 30.0
content_margin/top = 20.0
content_margin/bottom = 20.0
texture = ExtResource( 3 )
margin/left = 0.0
margin/right = 0.0
margin/top = 0.0
margin/bottom = 0.0
expand_margin/left = 0.0
expand_margin/right = 0.0
expand_margin/top = 0.0
expand_margin/bottom = 0.0
draw_center = true

[sub_resource type="StyleBoxTexture" id=10]

content_margin/left = -1.0
content_margin/right = -1.0
content_margin/top = -1.0
content_margin/bottom = -1.0
texture = ExtResource( 1 )
margin/left = 0.0
margin/right = 0.0
margin/top = 0.0
margin/bottom = 0.0
expand_margin/left = 0.0
expand_margin/right = 0.0
expand_margin/top = 0.0
expand_margin/bottom = 0.0
draw_center = true

[resource]

default_font = ExtResource( 4 )
Button/colors/font_color = Color( 0.878431, 0.878431, 0.878431, 1 )
Button/colors/font_color_disabled = Color( 0.9, 0.9, 0.9, 0.2 )
Button/colors/font_color_hover = Color( 0.941176, 0.941176, 0.941176, 1 )
Button/colors/font_color_pressed = Color( 1, 1, 1, 1 )
Button/constants/hseparation = 2
Button/fonts/font = null
Button/styles/disabled = SubResource( 1 )
Button/styles/focus = null
Button/styles/hover = SubResource( 2 )
Button/styles/normal = SubResource( 3 )
Button/styles/pressed = SubResource( 4 )
MenuButton/colors/font_color = Color( 0.878431, 0.878431, 0.878431, 1 )
MenuButton/colors/font_color_disabled = Color( 1, 1, 1, 0.3 )
MenuButton/colors/font_color_hover = Color( 0.941176, 0.941176, 0.941176, 1 )
MenuButton/colors/font_color_pressed = Color( 1, 1, 1, 1 )
MenuButton/constants/hseparation = 2
MenuButton/fonts/font = null
MenuButton/styles/disabled = SubResource( 5 )
MenuButton/styles/focus = null
MenuButton/styles/hover = SubResource( 6 )
MenuButton/styles/normal = SubResource( 7 )
MenuButton/styles/pressed = SubResource( 8 )
PopupMenu/colors/font_color = Color( 0.878431, 0.878431, 0.878431, 1 )
PopupMenu/colors/font_color_accel = Color( 0.7, 0.7, 0.7, 0.8 )
PopupMenu/colors/font_color_disabled = Color( 0.4, 0.4, 0.4, 0.8 )
PopupMenu/colors/font_color_hover = Color( 0.878431, 0.878431, 0.878431, 1 )
PopupMenu/constants/hseparation = 10
PopupMenu/constants/vseparation = 10
PopupMenu/fonts/font = null
PopupMenu/icons/checked = null
PopupMenu/icons/submenu = null
PopupMenu/icons/unchecked = null
PopupMenu/styles/hover = null
PopupMenu/styles/panel = SubResource( 9 )
PopupMenu/styles/panel_disabled = SubResource( 10 )
PopupMenu/styles/separator = null

